@Comment А вот так оформляется библиография при помощи BibTeX.

@online{red,
	author = {Amit Patel},
	title ={Hexagonal Grids [Электронный ресурс] (дата обращения: 01.05.2018)},
	year = {2015},
	url = {https://www.redblobgames.com/grids/hexagons/ },
	urlupdate = {01.05.2018},
	language = "english"
}

@Book{book1,
  author =       {Новиков Ф. А.},
  title =        {Дискретная математика для программистов},
  publisher =    {Питер},
  year =         {2013},
  language =     "russian"
}